
@article{weberpals2024,
	title = {smdi: an R package to perform structural missing data investigations on partially observed confounders in real-world evidence studies},
	author = {Weberpals, Janick and Raman, Sudha R and Shaw, Pamela A and Lee, Hana and Hammill, Bradley G and Toh, Sengwee and Connolly, John G and Dandreo, Kimberly J and Tian, Fang and Liu, Wei and Li, Jie and {Hernández-Muñoz}, {José J} and Glynn, Robert J and Desai, Rishi J},
	year = {2024},
	month = {04},
	date = {2024-04-01},
	journal = {JAMIA Open},
	pages = {ooae008},
	volume = {7},
	number = {1},
	doi = {10.1093/jamiaopen/ooae008},
	url = {https://doi.org/10.1093/jamiaopen/ooae008}
}
